01REMESSA01COBRANCA       086200557923        FINTEX SECURITIZADORA LTDA    341ITAU           160724                                                                                                                                                                                                                                                                                                      000001
10482698085000198086200557923    00001701                     100001020000000000000109                     I015222/1    17082400000000942243410000001N160724000000000000000231708240000000000000000000000000000000000000000282698085000198GRUPO ELIAN                             MANOEL FRANCISCO DA COSTA, 215          BAIRRO VIEIR89257-000JARAGUA DO SUL SCGRUPO ELIAN                       00000000 000002
22170820240000000000200                                                                                                                                                                                                                                                                                                                                                                                   000003
5                                                                                                                        0207474447000141FERNANDES MARQUES BRINHOSA,45           VELHA                                               BLUMENAU       SC                                                                                                                                                                                    000004
10482698085000198086200557923    00001480                     100001010000000000000109                     I015204/1    07082400000002095243410000001N160724000000000000000230708240000000000000000000000000000000000000000282698085000198GRUPO ELIAN                             MANOEL FRANCISCO DA COSTA, 215          BAIRRO VIEIR89257-000JARAGUA DO SUL SCGRUPO ELIAN                       00000000 000005
22070820240000000000200                                                                                                                                                                                                                                                                                                                                                                                   000006
5                                                                                                                        0207474447000141FERNANDES MARQUES BRINHOSA,45           VELHA                                               BLUMENAU       SC                                                                                                                                                                                    000007
9                                                                                                                                                                                                                                                                                                                                                                                                         000008
