01REMESSA01COBRANCA       086200557923        FINTEX SECURITIZADORA LTDA    341ITAU           150724                                                                                                                                                                                                                                                                                                      000001
9                                                                                                                                                                                                                                                                                                                                                                                                         000002
